<record><leader>00000cas a2200000 a 4500</leader><controlfield tag="001">9168021</controlfield><controlfield tag="008">830127d19381986cauwr ne      0    0eng  </controlfield><datafield ind1=" " ind2=" " tag="010"><subfield code="a">sn 82016135 </subfield></datafield><datafield ind1=" " ind2=" " tag="040"><subfield code="a">DLC</subfield><subfield code="b">eng</subfield><subfield code="c">DLC</subfield><subfield code="d">OCL</subfield><subfield code="d">DLC</subfield><subfield code="d">OCL</subfield><subfield code="d">NST</subfield><subfield code="d">YOX</subfield><subfield code="d">CNW</subfield><subfield code="d">CNK</subfield><subfield code="d">NYS</subfield><subfield code="d">DLC</subfield><subfield code="d">NYS</subfield><subfield code="d">DLC</subfield><subfield code="d">CUI</subfield><subfield code="d">OCLCQ</subfield><subfield code="d">OCLCO</subfield><subfield code="d">CNK</subfield><subfield code="d">OCLCO</subfield><subfield code="d">OCLCF</subfield><subfield code="d">OCLCO</subfield></datafield><datafield ind1=" " ind2=" " tag="019"><subfield code="a">9187189</subfield><subfield code="a">10214743</subfield><subfield code="a">12010604</subfield></datafield><datafield ind1="1" ind2=" " tag="029"><subfield code="a">AU@</subfield><subfield code="b">000020654281</subfield></datafield><datafield ind1=" " ind2=" " tag="042"><subfield code="a">pcc</subfield></datafield><datafield ind1=" " ind2=" " tag="043"><subfield code="a">n-us-ca</subfield></datafield><datafield ind1="0" ind2="0" tag="050"><subfield code="a">Newspaper</subfield></datafield><datafield ind1="1" ind2="4" tag="050"><subfield code="a">HX1</subfield><subfield code="b">.P4</subfield></datafield><datafield ind1="0" ind2=" " tag="130"><subfield code="a">People's world (San Francisco, Calif.)</subfield></datafield><datafield ind1="1" ind2="0" tag="245"><subfield code="a">People's world.</subfield></datafield><datafield ind1="1" ind2="3" tag="246"><subfield code="a">People's daily world</subfield></datafield><datafield ind1="1" ind2="3" tag="246"><subfield code="a">Daily people's world</subfield></datafield><datafield ind1="3" ind2="0" tag="246"><subfield code="a">Daily world</subfield></datafield><datafield ind1=" " ind2=" " tag="260"><subfield code="a">San Francisco, Calif. :</subfield><subfield code="b">World Pub. Co.,</subfield><subfield code="c">1938-1986.</subfield></datafield><datafield ind1=" " ind2=" " tag="300"><subfield code="a">v. :</subfield><subfield code="b">ill. ;</subfield><subfield code="c">61 cm.</subfield></datafield><datafield ind1=" " ind2=" " tag="310"><subfield code="a">Weekly,</subfield><subfield code="b">Feb. 9, 1957-May 31, 1986</subfield></datafield><datafield ind1=" " ind2=" " tag="321"><subfield code="a">Daily (except Sunday),</subfield><subfield code="b">Jan. 1, 1938-Feb. 1, 1957</subfield></datafield><datafield ind1="0" ind2=" " tag="362"><subfield code="a">Vol. 1, no. 1 (Jan. 1, 1938)-v. 49, no. 20 (May 31, 1986).</subfield></datafield><datafield ind1=" " ind2=" " tag="500"><subfield code="a">"Daily" appears over masthead ornament, Jan. 1, 1938-Apr. 27, 1945, Sept. 9, 1946-Feb. 1, 1957; "People's" appears over masthead ornament, Apr. 28, 1945-Sept. 7, 1946.</subfield></datafield><datafield ind1=" " ind2=" " tag="500"><subfield code="a">Published in Berkeley, Calif., July 15, 1972-May 31, 1986.</subfield></datafield><datafield ind1=" " ind2=" " tag="530"><subfield code="a">Available on microform from Bell &amp; Howell Information and Learning, UMI (Underground Newspaper/Press Collection), and the University of California, Newspaper and Microcopy Div., Berkeley.</subfield></datafield><datafield ind1=" " ind2=" " tag="580"><subfield code="a">Merged with: Daily world (New York, N.Y.), to become: People's daily world (New York, N.Y. : 1986).</subfield></datafield><datafield ind1=" " ind2=" " tag="580"><subfield code="a">Issues for 1975 include supplement: World Magazine (New York); issues for 1976- include supplements: World magazine (New York) and Voz del pueblo (New York).</subfield></datafield><datafield ind1=" " ind2=" " tag="530"><subfield code="a">Master negatives are available for duplication from:</subfield><subfield code="b">California Newspaper Microfilm Archive;</subfield><subfield code="c">for further information consult the CNMA at:</subfield><subfield code="u">http://cbsr.ucr.edu.</subfield></datafield><datafield ind1=" " ind2="0" tag="650"><subfield code="a">Working class</subfield><subfield code="z">United States.</subfield></datafield><datafield ind1=" " ind2="0" tag="650"><subfield code="a">Underground press publications</subfield><subfield code="z">California</subfield><subfield code="z">San Francisco.</subfield></datafield><datafield ind1=" " ind2="0" tag="650"><subfield code="a">Social movements</subfield><subfield code="z">United States</subfield><subfield code="v">Newspapers.</subfield></datafield><datafield ind1=" " ind2="0" tag="650"><subfield code="a">Radicalism</subfield><subfield code="z">United States</subfield><subfield code="v">Newspapers.</subfield></datafield><datafield ind1=" " ind2="0" tag="651"><subfield code="a">Berkeley (Calif.)</subfield><subfield code="v">Newspapers.</subfield></datafield><datafield ind1=" " ind2="0" tag="651"><subfield code="a">Alameda County (Calif.)</subfield><subfield code="v">Newspapers.</subfield></datafield><datafield ind1=" " ind2="0" tag="651"><subfield code="a">San Francisco (Calif.)</subfield><subfield code="v">Newspapers.</subfield></datafield><datafield ind1=" " ind2="7" tag="655"><subfield code="a">Newspapers.</subfield><subfield code="2">fast</subfield><subfield code="0">(OCoLC)fst01423814</subfield></datafield><datafield ind1=" " ind2="7" tag="650"><subfield code="a">Radicalism.</subfield><subfield code="2">fast</subfield><subfield code="0">(OCoLC)fst01087015</subfield></datafield><datafield ind1=" " ind2="7" tag="650"><subfield code="a">Social movements.</subfield><subfield code="2">fast</subfield><subfield code="0">(OCoLC)fst01122657</subfield></datafield><datafield ind1=" " ind2="7" tag="650"><subfield code="a">Underground press publications.</subfield><subfield code="2">fast</subfield><subfield code="0">(OCoLC)fst01160984</subfield></datafield><datafield ind1=" " ind2="7" tag="650"><subfield code="a">Working class.</subfield><subfield code="2">fast</subfield><subfield code="0">(OCoLC)fst01180418</subfield></datafield><datafield ind1=" " ind2="7" tag="651"><subfield code="a">California</subfield><subfield code="z">Alameda County.</subfield><subfield code="2">fast</subfield><subfield code="0">(OCoLC)fst01205577</subfield></datafield><datafield ind1=" " ind2="7" tag="651"><subfield code="a">California</subfield><subfield code="z">Berkeley.</subfield><subfield code="2">fast</subfield><subfield code="0">(OCoLC)fst01205020</subfield></datafield><datafield ind1=" " ind2="7" tag="651"><subfield code="a">California</subfield><subfield code="z">San Francisco.</subfield><subfield code="2">fast</subfield><subfield code="0">(OCoLC)fst01204481</subfield></datafield><datafield ind1=" " ind2="7" tag="651"><subfield code="a">United States.</subfield><subfield code="2">fast</subfield><subfield code="0">(OCoLC)fst01204155</subfield></datafield><datafield ind1="0" ind2="2" tag="730"><subfield code="a">World Magazine (Long View Publishing Company.</subfield></datafield><datafield ind1="0" ind2="2" tag="730"><subfield code="a">Voz del pueblo.</subfield></datafield><datafield ind1=" " ind2=" " tag="752"><subfield code="a">United States</subfield><subfield code="b">California</subfield><subfield code="c">San Francisco</subfield><subfield code="d">San Francisco.</subfield></datafield><datafield ind1=" " ind2=" " tag="752"><subfield code="a">United States</subfield><subfield code="b">California</subfield><subfield code="c">Alameda</subfield><subfield code="d">Berkeley.</subfield></datafield><datafield ind1="1" ind2=" " tag="770"><subfield code="t">World magazine</subfield><subfield code="c">(New York)</subfield></datafield><datafield ind1="1" ind2=" " tag="770"><subfield code="t">Voz del pueblo</subfield><subfield code="c">(New York)</subfield></datafield><datafield ind1="0" ind2=" " tag="775"><subfield code="t">Voz del Pueblo (New York, N.Y.)</subfield><subfield code="w">(OCoLC)5773539</subfield></datafield><datafield ind1="0" ind2=" " tag="775"><subfield code="t">World magazine</subfield><subfield code="w">(OCoLC)2451677</subfield></datafield><datafield ind1="0" ind2=" " tag="775"><subfield code="t">People's world (Berkeley, Calif.)</subfield><subfield code="x">0031-5044</subfield><subfield code="w">(DLC)sn 78000628</subfield><subfield code="w">(OCoLC)1608328</subfield></datafield><datafield ind1="0" ind2=" " tag="776"><subfield code="c">Microfilm</subfield><subfield code="d">Microfilming Corp. of America</subfield><subfield code="k">Periodicals by and about the North American Indian</subfield><subfield code="w">(OCoLC)37329963</subfield></datafield><datafield ind1="0" ind2="0" tag="780"><subfield code="t">Western worker (San Francisco, Calif.)</subfield><subfield code="w">(DLC)sn 87062209</subfield><subfield code="w">(OCoLC)11082222</subfield></datafield><datafield ind1="1" ind2="7" tag="785"><subfield code="t">Daily world (New York, N.Y.)</subfield><subfield code="w">(DLC)sn 86058012</subfield><subfield code="w">(OCoLC)1565804</subfield></datafield><datafield ind1="1" ind2="7" tag="785"><subfield code="t">People's daily world (New York, N.Y. : 1986)</subfield><subfield code="w">(DLC)sn 86077178</subfield><subfield code="w">(OCoLC)13733648</subfield></datafield></record>